@website{duckietown,
	author = {Duckietown Foundation},
	title = {The Duckietown Foundation {[Online]}},
	howpublished = {\url{https://www.duckietown.org/about/duckietown-foundation}},
	note = {Abgerufen: 26.08.2020}
}

@misc{gym_duckietown,
	author = {Chevalier-Boisvert, Maxime and Golemo, Florian and Cao, Yanjun and Mehta, Bhairav and Paull, Liam},
	title = {Duckietown Environments for OpenAI Gym {[Online]}},
	year = {2018},
	publisher = {GitHub},
	journal = {GitHub repository},
	howpublished = {\url{https://github.com/duckietown/gym-duckietown}},
}

@misc{duckietown_platform,
	author = {Duckietown Foundation},
	title = {The Duckietown Platform {[Online]}},
	howpublished = {\url{https://www.duckietown.org/about/platform}},
	note = {Abgerufen: 25.09.2020} 
}

@misc{datasolut,
	author = {Laurenz Wuttke},
	title = {Training-, {Validierung-} und {Testdatensatz} {[Online]}},
	year = {2020},
	publisher = {datasolut GmbH},
	howpublished = {\url{https://datasolut.com/wiki/trainingsdaten-und-testdaten-machine-learning/}},
	note = {Abgerufen: 30.09.2020}
}

@misc{datasolut2,
	author = {Laurenz Wuttke},
	title = {Deep Learning: Einführung, {Beispiele} {\&} {Frameworks} {[Online]}},
	publisher = {datasolut GmbH},
	howpublished = {\url{https://datasolut.com/was-ist-deep-learning/}},
	note = {Abgerufen: 02.10.2020}
}

@misc{datasolut3,
	author = {Laurenz Wuttke},
	title = {Machine Learning: Definition, {Algorithmen}, {Methoden und Beispiele}  {[Online]}},
	publisher = {datasolut GmbH},
	howpublished = {\url{https://datasolut.com/was-ist-machine-learning/}},
	note = {Abgerufen: 08.10.2020}
}

@misc{datasolut4,
	author = {Laurenz Wuttke},
	title = {{Künstliche Neuronale Netzwerke: Definition, Einführung, Arten und Funktion} {[Online]}},
	publisher = {datasolut GmbH},
	howpublished = {\url{https://datasolut.com/neuronale-netzwerke-einfuehrung/}},
	note = {Abgerufen: 09.10.2020}
}

@misc{der-onliner_blogspot,
	author = {Mathias Sauermann},
	title = {{Machine Learning: 3 KI-Lernverfahren auf einen Blick} {[Online]}},
	year = {2019},
	publisher = {der-onliner.blogspot.com},
	howpublished = {\url{https://der-onliner.blogspot.com/2019/07/machinelles-lernen-lernverfahren.html}},
	note = {Abgerufen: 08.10.2020}
	
}

@misc{jaai,
	author = {jaai.de},
	title = {{Künstliche neuronale Netze – Aufbau {\&} Funktionsweise} {[Online]}},
	publisher = {jaai.de},
	howpublished = {\url{https://jaai.de/kuenstliche-neuronale-netze-aufbau-funktion-291/}},
	note = {Abgerufen: 08.10.2020}
}

@misc{ai-united,
	author = {{ai-united.de}},
	title = {{Aktivierungsfunktionen, ihre Arten und Verwendungsmöglichkeiten} {[Online]}},
	publisher = {ai-united.de},
	howpublished = {\url{http://www.ai-united.de/aktivierungsfunktionen-ihre-arten-und-verwendungsmoeglichkeiten/}},
	note = {Abgerufen: 08.10.2020}
}

@misc{divis,
	author = {{divis.io}},
	title = {{KI leicht erklärt – Teil 4: Die Grundlagen des Machine Learning} {[Online]}},
	year = {2019},
	publisher = {divis.io},
	howpublished = {\url{https://divis.io/2019/04/ki-leicht-erklaert-teil-4-die-grundlagen-des-machine-learning/}},
	note = {Abgerufen: 09.10.2020}
}

@misc{wiki,
	author = {wikipedia.org},
	title = {{Hyperparameteroptimierung} {[Online]}},
	publisher = {wikipedia.org},
	howpublished = {\url{https://de.wikipedia.org/wiki/Hyperparameteroptimierung}},
	note = {Abgerufen: 09.10.2020}
}

@misc{rocketloop,
	author = {rocketloop.de},
	title = {{Was sind künstliche neuronale Netze?} {[Online]}},
	publisher = {rocketloop.de},
	howpublished = {\url{https://rocketloop.de/kuenstliche-neuronale-netze/}},
	note = {Abgerufen: 09.10.2020}
}

@misc{lucas_plagwitz,
	author = {Lucas Plagwitz},
	title = {{Numerische Optimierung für Deep Learning Algorithmen} {[Online]}},
	publisher = {uni-muenster.de},
	howpublished = {\url{https://www.uni-muenster.de/AMM/num/Vorlesungen/Seminar_Wirth_Master_WS18_b/handouts/Plagwitz.pdf}},
	note = {Abgerufen: 09.10.2020}
}

@article{nvidia,
	author = {{Bojarski}, Mariusz and {Del Testa}, Davide and {Dworakowski}, Daniel and
	{Firner}, Bernhard and {Flepp}, Beat and {Goyal}, Prasoon and
	{Jackel}, Lawrence D. and {Monfort}, Mathew and {Muller}, Urs and
	{Zhang}, Jiakai and {Zhang}, Xin and {Zhao}, Jake and {Zieba}, Karol},
	title = "{End to End Learning for Self-Driving Cars}",
	journal = {arXiv e-prints},
	keywords = {Computer Science - Computer Vision and Pattern Recognition, Computer Science - Machine Learning, Computer Science - Neural and Evolutionary Computing},
	year = 2016,
	month = apr,
	eid = {arXiv:1604.07316},
	pages = {arXiv:1604.07316},
	archivePrefix = {arXiv},
	eprint = {1604.07316},
	primaryClass = {cs.CV},
	adsurl = {https://ui.adsabs.harvard.edu/abs/2016arXiv160407316B},
	adsnote = {Provided by the SAO/NASA Astrophysics Data System}
}

@misc{tensorflow,
	author = {tensorflow.org},
	title = {{Normalizations} {[Online]}},
	publisher = {tensorflow.org},
	howpublished = {\url{https://www.tensorflow.org/addons/tutorials/layers_normalizations}},
	note = {Abgerufen: 11.10.2020}
}

@misc{tensorflow2,
	author = {tensorflow.org},
	title = {{Overfit and underfit} {[Online]}},
	publisher = {tensorflow.org},
	howpublished = {\url{https://www.tensorflow.org/tutorials/keras/overfit_and_underfit}},
	note = {Abgerufen: 11.10.2020}
}

@misc{hhu,
	author = {hhu.de},
	title = {{Neuronale Netze} {[Online]}},
	publisher = {hhu.de},
	howpublished = {\url{https://user.phil.hhu.de/~petersen/SoSe17_Teamprojekt/AR/neuronalenetze.html}},
	note = {Abgerufen: 11.10.2020}
}

@misc{wiki2,
	author = {wikipedia.org},
	title = {{Dropout (künstliches neuronales Netz)} {[Online]}},
	publisher = {wikipedia.org},
	howpublished = {\url{https://de.wikipedia.org/wiki/Dropout_(k%C3%BCnstliches_neuronales_Netz)}},
	note = {Abgerufen: 11.10.2020}
}

@misc{gym,
	author = {OpenAI},
	title = {Gym},
	howpublished = {\url{https://gym.openai.com/} {[Online]}},
	note = {Abgerufen: 17.10.2020} 
}

@misc{bigdata,
	author = {Stefan Luber \& Nico Litzel},
	title = {{Was ist TensorFlow?} {[Online]}},
	publisher = {bigdata-insider.de},
	howpublished = {\url{https://www.bigdata-insider.de/was-ist-tensorflow-a-684272/}},
	note = {Abgerufen: 12.10.2020}
}

@article{elu,
	title={Fast and Accurate Deep Network Learning by Exponential Linear Units (ELUs)}, 
	author={Djork-Arné Clevert and Thomas Unterthiner and Sepp Hochreiter},
	year={2016},
	journal = {arXiv e-prints},
	pages = {arXiv:1511.07289},
	eprint={1511.07289},
	archivePrefix={arXiv},
	primaryClass={cs.LG}
}

@article{keskar2017largebatch,
	author    = {Nitish Shirish Keskar and
	Dheevatsa Mudigere and
	Jorge Nocedal and
	Mikhail Smelyanskiy and
	Ping Tak Peter Tang},
	title     = {On Large-Batch Training for Deep Learning: Generalization Gap and
	Sharp Minima},
	journal   = {CoRR},
	volume    = {abs/1609.04836},
	year      = {2016},
	url       = {http://arxiv.org/abs/1609.04836},
	archivePrefix = {arXiv},
	eprint    = {1609.04836},
	timestamp = {Mon, 13 Aug 2018 16:46:48 +0200},
	biburl    = {https://dblp.org/rec/journals/corr/KeskarMNST16.bib},
	bibsource = {dblp computer science bibliography, https://dblp.org}
}

@misc{oliver-gableske,
	author = {Oliver Gableske},
	title = {{MULTILAYER-PERZEPTRON} {[Online]}},
	publisher = {informatik.uni-ulm.de},
	howpublished = {\url{https://www.informatik.uni-ulm.de/ni/Lehre/WS04/ProSemNN/pdf/MLP.pdf}},
	note = {Abgerufen: 20.10.2020}
}

@article{camposeestimation,
	author    = {Yoli Shavit and
	Ron Ferens},
	title     = {Introduction to Camera Pose Estimation with Deep Learning},
	journal   = {CoRR},
	volume    = {abs/1907.05272},
	year      = {2019},
	url       = {http://arxiv.org/abs/1907.05272},
	archivePrefix = {arXiv},
	eprint    = {1907.05272},
	timestamp = {Wed, 17 Jul 2019 10:27:36 +0200},
	biburl    = {https://dblp.org/rec/journals/corr/abs-1907-05272.bib},
	bibsource = {dblp computer science bibliography, https://dblp.org}
}