@misc{duckietown,
	author = {Duckietown Foundation},
	title = {The Duckietown Foundation},
	howpublished = {\url{https://www.duckietown.org/about/duckietown-foundation}},
	note = {Abgerufen: 26.08.2020}
}
