@misc{duckietown,
	author = {Duckietown Foundation},
	title = {The Duckietown Foundation},
	howpublished = {\url{https://www.duckietown.org/about/duckietown-foundation}},
	note = {Abgerufen: 26.08.2020}
}

@misc{gym_duckietown,
	author = {Chevalier-Boisvert, Maxime and Golemo, Florian and Cao, Yanjun and Mehta, Bhairav and Paull, Liam},
	title = {Duckietown Environments for OpenAI Gym},
	year = {2018},
	publisher = {GitHub},
	journal = {GitHub repository},
	howpublished = {\url{https://github.com/duckietown/gym-duckietown}},
}

@misc{duckietown_platform,
	author = {Duckietown Foundation},
	title = {The Duckietown Platform},
	howpublished = {\url{https://www.duckietown.org/about/platform}},
	note = {Abgerufen: 25.09.2020} 
}

@misc{datasolut,
	author = {Laurenz Wuttke},
	title = {Training-, {Validierung-} und {Testdatensatz}},
	year = {2020},
	publisher = {datasolut GmbH},
	howpublished = {\url{https://datasolut.com/wiki/trainingsdaten-und-testdaten-machine-learning/}},
	note = {Abgerufen: 30.09.2020}
}

@misc{datasolut2,
	author = {Laurenz Wuttke},
	title = {Deep Learning: Einführung, {Beispiele} {\&} {Frameworks}},
	publisher = {datasolut GmbH},
	howpublished = {\url{https://datasolut.com/was-ist-deep-learning/}},
	note = {Abgerufen: 02.10.2020}
}

@misc{datasolut3,
	author = {Laurenz Wuttke},
	title = {Machine Learning: Definition, {Algorithmen}, {Methoden und Beispiele}},
	publisher = {datasolut GmbH},
	howpublished = {\url{https://datasolut.com/was-ist-machine-learning/}},
	note = {Abgerufen: 08.10.2020}
}

@misc{der-onliner_blogspot,
	author = {Mathias Sauermann},
	title = {{Machine Learning: 3 KI-Lernverfahren auf einen Blick}},
	year = {2019},
	publisher = {der-onliner.blogspot.com},
	howpublished = {\url{https://der-onliner.blogspot.com/2019/07/machinelles-lernen-lernverfahren.html}},
	note = {Abgerufen: 08.10.2020}
	
}

@misc{jaai,
	author = {jaai.de},
	title = {{Künstliche neuronale Netze – Aufbau {\&} Funktionsweise}},
	publisher = {jaai.de},
	howpublished = {\url{https://jaai.de/kuenstliche-neuronale-netze-aufbau-funktion-291/}},
	note = {Abgerufen: 08.10.2020}
}

@misc{ai-united,
	author = {ai-united.de},
	title = {{Aktivierungsfunktionen, ihre Arten und Verwendungsmöglichkeiten}},
	publisher = {ai-united.de},
	howpublished = {\url{http://www.ai-united.de/aktivierungsfunktionen-ihre-arten-und-verwendungsmoeglichkeiten/}},
	note = {Abgerufen: 08.10.2020}
}